<record><leader>00000cas a22000007a 4500</leader><controlfield tag="001">19780770</controlfield><controlfield tag="008">890527d19721972inuwr ne      0    0eng d</controlfield><datafield ind1=" " ind2=" " tag="010"><subfield code="a">sn 89099017 </subfield></datafield><datafield ind1=" " ind2=" " tag="040"><subfield code="a">NPI</subfield><subfield code="b">eng</subfield><subfield code="c">NPI</subfield><subfield code="d">OCLCQ</subfield></datafield><datafield ind1=" " ind2=" " tag="042"><subfield code="a">msc</subfield></datafield><datafield ind1="0" ind2=" " tag="130"><subfield code="a">Chronicle (Albany, Ind.)</subfield></datafield><datafield ind1="1" ind2="4" tag="245"><subfield code="a">The chronicle.</subfield></datafield><datafield ind1=" " ind2=" " tag="260"><subfield code="a">Albany, Ind. :</subfield><subfield code="b">The Chronicle,</subfield><subfield code="c">1972.</subfield></datafield><datafield ind1=" " ind2=" " tag="300"><subfield code="a">1 v. :</subfield><subfield code="b">ill.</subfield></datafield><datafield ind1=" " ind2=" " tag="310"><subfield code="a">Weekly</subfield></datafield><datafield ind1="0" ind2=" " tag="362"><subfield code="a">Vol. 85, no. 3 (Aug. 3, 1972)-v. 85, no. 19 (Nov. 23, 1972).</subfield></datafield><datafield ind1=" " ind2=" " tag="500"><subfield code="a">" ... servng Albany, Eaton and Gaston."</subfield></datafield><datafield ind1=" " ind2=" " tag="752"><subfield code="a">United States</subfield><subfield code="b">Indiana</subfield><subfield code="c">Delaware</subfield><subfield code="d">Albany.</subfield></datafield><datafield ind1=" " ind2=" " tag="752"><subfield code="a">United States</subfield><subfield code="b">Indiana</subfield><subfield code="c">Delaware</subfield><subfield code="d">Eaton.</subfield></datafield><datafield ind1=" " ind2=" " tag="752"><subfield code="a">United States</subfield><subfield code="b">Indiana</subfield><subfield code="c">Delaware</subfield><subfield code="d">Gaston.</subfield></datafield><datafield ind1="0" ind2="0" tag="780"><subfield code="t">Albany chronicle (Albany, Ind.)</subfield><subfield code="w">(DLC)sn 89099016</subfield></datafield><datafield ind1="0" ind2="7" tag="785"><subfield code="t">Journal (Yorktown, Ind.)</subfield><subfield code="w">(DLC)sn 86058696</subfield></datafield><datafield ind1="0" ind2="7" tag="785"><subfield code="t">Delaware County suburban news</subfield><subfield code="w">(DLC)sn 86058697</subfield></datafield></record>